<?xml version="1.0" encoding="UTF-8"?><collection xmlns="http://www.loc.gov/MARC21/slim"><record><leader>00383nam--2200133-i-4500</leader><controlfield tag="001">000039466</controlfield><controlfield tag="002">20161230</controlfield><controlfield tag="005">20161230201042</controlfield><controlfield tag="008">060222s1000------------r-----000-0-eng-d</controlfield><datafield ind1=" " ind2=" " tag="080"><subfield code="a">621.375.826:533.9.082.5(043)</subfield></datafield><datafield ind1=" " ind2=" " tag="100"><subfield code="a">Roosen, Gerald</subfield></datafield><datafield ind1=" " ind2=" " tag="245"><subfield code="a">Effets mecaniques de la lumiere: etude theorique, experimentale et appl. these</subfield></datafield><datafield ind1=" " ind2=" " tag="260"><subfield code="a">Paris, Univ., 1978, 136p</subfield></datafield><datafield ind1=" " ind2=" " tag="852"><subfield code="a">48416</subfield></datafield></record></collection>